@PhdThesis{crossref,
author = {T Krähenbühl},
title = {G-APD arrays and their use in axial PET modules},
school = {ETH Zurich},
year = {2008},
OPTkey = {•},
OPTtype = {•},
OPTaddress = {•},
OPTmonth = {•},
OPTnote = {•},
OPTannote = {•}
}

@article{zfitspaper,
	Author = {Ahnen, ML and Balbo, M and Bergmann, M and Biland, A and Bretz, T and Bu{\ss}, J and Dorner, D and Einecke, S and Freiwald, J and Hempfling, C and others},
	Date-Added = {2017-10-16 12:10:05 +0000},
	Date-Modified = {2017-10-16 12:10:19 +0000},
	Journal = {Astronomy and Computing},
	Pages = {191--199},
	Publisher = {Elsevier},
	Title = {Data compression for the first G-APD Cherenkov Telescope},
	Volume = {12},
	Year = {2015}}

@url{hama,
	Author = {Hamamatsu},
	Date-Added = {2017-09-10 11:42:33 +0000},
	Date-Modified = {2017-09-10 18:20:57 +0000},
	Lastchecked = {09.10.2017},
	Title = {Photomultiplier Tubes, Basics and Applications},
	url = {https://www.hamamatsu.com/resources/pdf/etd/PMT\_ handbook\_ v3aE.pdf}}

@article{aging,
	Author = {Barnyakov, M Yu and Mironov, AV},
	Journal = {Journal of Instrumentation},
	Number = {12},
	Pages = {C12026},
	Publisher = {IOP Publishing},
	Title = {Photocathode aging in MCP PMT},
	Volume = {6},
	Year = {2011}}

@article{gapd,
	Author = {Biland, Aea and Bretz, T and Bu{\ss}, J and Commichau, V and Djambazov, L and Dorner, D and Einecke, S and Eisenacher, D and Freiwald, J and Grimm, O and others},
	Journal = {Journal of Instrumentation},
	Number = {10},
	Pages = {P10012},
	Publisher = {IOP Publishing},
	Title = {Calibration and performance of the photon sensor response of FACT---the first G-APD Cherenkov telescope},
	Volume = {9},
	Year = {2014}}

@url{fact,
	Author = {Fact Collaboration},
	Date-Added = {2017-09-10 11:42:33 +0000},
	Date-Modified = {2017-09-10 18:20:57 +0000},
	Lastchecked = {09.10.2017},
	Title = {FACT La Palma},
	url = {https://www.fact-project.org}}

@article{avalanche,
	Author = {Cova, Sergio and Ghioni, M and Lacaita, A and Samori, C and Zappa, F},
	Journal = {Applied optics},
	Number = {12},
	Pages = {1956--1976},
	Publisher = {Optical Society of America},
	Title = {Avalanche photodiodes and quenching circuits for single-photon detection},
	Volume = {35},
	Year = {1996}}

@url{diode,
	Author = {Datasheetlib},
	Date-Added = {2017-09-10 11:42:33 +0000},
	Date-Modified = {2017-09-10 18:20:57 +0000},
	Lastchecked = {09.10.2017},
	Title = {S10362-33 Datasheet},
	url = {https://www.electronicsdatasheets.com/manufacturers/hamamatsu/parts/s1036233100c}}

@url{schrank,
	Author = {Test Laboratroy},
	Date-Added = {2017-09-10 11:42:33 +0000},
	Date-Modified = {2017-10-16 07:23:48 +0000},
	Lastchecked = {09.10.2017},
	Title = {Climate chamber C180/40},
	url = {http://testlab.amtest.eu/en/our-test-equipment/climate-chamber-c180-40}}

@url{zFits,
	Author = {FACT collaboration},
	Date-Added = {2017-10-10 11:42:33 +0000},
	Date-Modified = {2017-10-10 18:20:57 +0000},
	Lastchecked = {10.10.2017},
	Title = {zFits a python wrapper around the MARS zfits code},
	url = {https://github.com/fact-project/zfits}}

@url{software,
	Author = {Dominik Z{\"u}rcher, Dominik Neise},
	Date-Added = {2017-10-10 11:42:33 +0000},
	Date-Modified = {2017-10-10 18:20:57 +0000},
	Lastchecked = {10.10.2017},
	Title = {FactProjects},
	url = {https://github.com/DZuercher/FactProject}}

@url{singlephoton,
	Author = {Fact Collaboration},
	Date-Added = {2017-10-10 11:42:33 +0000},
	Date-Modified = {2017-10-10 18:20:57 +0000},
	Lastchecked = {10.10.2017},
	Title = {Single Photon Extractor},
	url = {https://github.com/fact-project/single\_ photon\_ extractor/tree/master/simulation}}

@url{hamaref,
	Author = {Hamamatsu},
	Date-Added = {2017-10-17 11:42:33 +0000},
	Date-Modified = {2017-10-17 18:20:57 +0000},
	Lastchecked = {17.10.2017},
	Title = {Physics and operation of the MPPC silicon photomultiplier},
	url = {https://www.hamamatsu.com/us/en/community/optical\_ sensors/articles/physics\_ and\_ operation\_ of\_ mppc/index.html}}
